@inproceedings{schroff2015facenet,
  title={Facenet: A unified embedding for face recognition and clustering},
  author={Schroff, Florian and Kalenichenko, Dmitry and Philbin, James},
  booktitle={Proceedings of the IEEE conference on computer vision and pattern recognition},
  pages={815--823},
  year={2015}
}
@inproceedings{aumuller2017ann,
  title={ANN-benchmarks: A benchmarking tool for approximate nearest neighbor algorithms},
  author={Aum{\"u}ller, Martin and Bernhardsson, Erik and Faithfull, Alexander},
  booktitle={International Conference on Similarity Search and Applications},
  pages={34--49},
  year={2017},
  organization={Springer}
}
@inproceedings{tran2017disentangled,
  title={Disentangled representation learning gan for pose-invariant face recognition},
  author={Tran, Luan and Yin, Xi and Liu, Xiaoming},
  booktitle={Proceedings of the IEEE conference on computer vision and pattern recognition},
  pages={1415--1424},
  year={2017}
}
@article{maaten2008visualizing,
  title={Visualizing data using t-SNE},
  author={Maaten, Laurens van der and Hinton, Geoffrey},
  journal={Journal of machine learning research},
  volume={9},
  number={Nov},
  pages={2579--2605},
  year={2008}
}
@inproceedings{cao2018vggface2,
  title={Vggface2: A dataset for recognising faces across pose and age},
  author={Cao, Qiong and Shen, Li and Xie, Weidi and Parkhi, Omkar M and Zisserman, Andrew},
  booktitle={2018 13th IEEE International Conference on Automatic Face \& Gesture Recognition (FG 2018)},
  pages={67--74},
  year={2018},
  organization={IEEE}
}
@article{JDH17,
  title={Billion-scale similarity search with GPUs},
  author={Johnson, Jeff and Douze, Matthijs and J{\'e}gou, Herv{\'e}},
  journal={arXiv preprint arXiv:1702.08734},
  year={2017}
}
@inproceedings{andoni2015practical,
  title={Practical and optimal LSH for angular distance},
  author={Andoni, Alexandr and Indyk, Piotr and Laarhoven, Thijs and Razenshteyn, Ilya and Schmidt, Ludwig},
  booktitle={Advances in neural information processing systems},
  pages={1225--1233},
  year={2015}
}
@ARTICLE{5432202, author={H. {JÃ©gou} and M. {Douze} and C. {Schmid}}, journal={IEEE Transactions on Pattern Analysis and Machine Intelligence}, title={Product Quantization for Nearest Neighbor Search}, year={2011}, volume={33}, number={1}, pages={117-128},}
@ARTICLE{6678503, author={T. {Ge} and K. {He} and Q. {Ke} and J. {Sun}}, journal={IEEE Transactions on Pattern Analysis and Machine Intelligence}, title={Optimized Product Quantization}, year={2014}, volume={36}, number={4}, pages={744-755},}
@article{dolphinn,
author = {Avarikioti, Georgia and Emiris, Ioannis and Psarros, Ioannis and Samaras, Georgios},
year = {2016},
month = {12},
pages = {},
title = {Practical linear-space Approximate Near Neighbors in high dimension}
}
@article{hyvonen2015fast,
  title={Fast k-nn search},
  author={Hyv{\"o}nen, Ville and Pitk{\"a}nen, Teemu and Tasoulis, Sotiris and J{\"a}{\"a}saari, Elias and Tuomainen, Risto and Wang, Liang and Corander, Jukka and Roos, Teemu},
  journal={arXiv preprint arXiv:1509.06957},
  year={2015}
}
@article{iwasaki2018optimization,
  title={Optimization of indexing based on k-nearest neighbor graph for proximity search in high-dimensional data},
  author={Iwasaki, Masajiro and Miyazaki, Daisuke},
  journal={arXiv preprint arXiv:1810.07355},
  year={2018}
}
@inproceedings{Iwasaki2016PrunedBK,
  title={Pruned Bi-directed K-nearest Neighbor Graph for Proximity Search},
  author={Masajiro Iwasaki},
  booktitle={SISAP},
  year={2016}
}
@article{muja2009flann,
  title={Flann-fast library for approximate nearest neighbors user manual},
  author={Muja, Marius and Lowe, David}
}
@article{malkov2018efficient,
  title={Efficient and robust approximate nearest neighbor search using hierarchical navigable small world graphs},
  author={Malkov, Yury A and Yashunin, Dmitry A},
  journal={IEEE transactions on pattern analysis and machine intelligence},
  year={2018},
  publisher={IEEE}
}
@inproceedings{dong2011efficient,
  title={Efficient k-nearest neighbor graph construction for generic similarity measures},
  author={Dong, Wei and Moses, Charikar and Li, Kai},
  booktitle={Proceedings of the 20th international conference on World wide web},
  pages={577--586},
  year={2011}
}
@inproceedings{inproceedings,
author = {Yan, Donghui and Wang, Yingjie and Wang, Jin and Wang, Honggang and Li, Zhenpeng},
year = {2018},
month = {12},
pages = {},
title = {K-nearest Neighbor Search by Random Projection Forests},
doi = {10.1109/BigData.2018.8622307}
}
@inproceedings{tellez2011succinct,
  title={Succinct nearest neighbor search},
  author={Tellez, Eric Sadit and Ch{\'a}vez, Edgar and Navarro, Gonzalo},
  booktitle={Proceedings of the Fourth International Conference on SImilarity Search and APplications},
  pages={33--40},
  year={2011}
}
@article{lshhashes,
author = {Lee, Keon Myung},
year = {2012},
month = {12},
pages = {300-307},
title = {Locality-Sensitive Hashing Techniques for Nearest Neighbor Search},
volume = {12},
journal = {International Journal of Fuzzy Logic and Intelligent Systems},
doi = {10.5391/IJFIS.2012.12.4.300}
}
@article{dolatshah2015ball,
  title={Ball*-tree: Efficient spatial indexing for constrained nearest-neighbor search in metric spaces},
  author={Dolatshah, Mohamad and Hadian, Ali and Minaei-Bidgoli, Behrouz},
  journal={arXiv preprint arXiv:1511.00628},
  year={2015}
}
@inproceedings{panigrahy2008improved,
  title={An improved algorithm finding nearest neighbor using kd-trees},
  author={Panigrahy, Rina},
  booktitle={Latin American Symposium on Theoretical Informatics},
  pages={387--398},
  year={2008},
  organization={Springer}
}
@misc{annoy,
  title = {{ANNOY} library},
  howpublished = {\url{https://github.com/spotify/annoy}},
}
@misc{panns,
    title={Panns on Github},
    howpublished = {\url{ https://github.com/ryanrhymes/panns}}
}